<collection xmlns="http://www.loc.gov/MARC21/slim">
<record>
  <leader>00826ncm0a22002051i 450 </leader>
  <controlfield tag="001">IT\ICCU\CNCE\037142</controlfield>
  <controlfield tag="005">20070524000000.0</controlfield>
  <datafield tag="100" ind1=" " ind2=" ">
    <subfield code="a">19980616d1598        0itac0103    ba</subfield>
  </datafield>
  <datafield tag="101" ind1=" " ind2=" ">
    <subfield code="a">ITA</subfield>
  </datafield>
  <datafield tag="102" ind1=" " ind2=" ">
    <subfield code="a">IT</subfield>
  </datafield>
  <datafield tag="200" ind1="1" ind2=" ">
    <subfield code="a">℗Il ℗quarto libro delle canzonette a tre e a quattro voci</subfield>
  </datafield>
  <datafield tag="210" ind1=" " ind2=" ">
    <subfield code="a">Venezia</subfield>
    <subfield code="c">Riccardo Amadino</subfield>
    <subfield code="d">1598</subfield>
  </datafield>
  <datafield tag="300" ind1=" " ind2=" ">
    <subfield code="a">Per l&apos;autore cfr.: Rp̌ertoire international de sources musicales, vol. I, p. 381</subfield>
  </datafield>
  <datafield tag="620" ind1=" " ind2=" ">
    <subfield code="a">IT</subfield>
    <subfield code="d">Venezia</subfield>
  </datafield>
  <datafield tag="700" ind1=" " ind2="1">
    <subfield code="a">Borsaro,</subfield>
    <subfield code="b">Arcangelo</subfield>
    <subfield code="3">IT\ICCU\CNCA\010419</subfield>
  </datafield>
  <datafield tag="712" ind1="0" ind2="0">
    <subfield code="a">Amadino, Riccardo</subfield>
    <subfield code="3">IT\ICCU\CNCT\000564</subfield>
    <subfield code="4">650</subfield>
  </datafield>
  <datafield tag="790" ind1=" " ind2="0">
    <subfield code="a">Arcangelo</subfield>
    <subfield code="c"> : da#Reggio</subfield>
    <subfield code="3">IT\ICCU\CNCA\028271</subfield>
    <subfield code="z">Borsaro, Arcangelo</subfield>
  </datafield>
  <datafield tag="790" ind1=" " ind2="1">
    <subfield code="a">Borsari,</subfield>
    <subfield code="b">Arcangelo</subfield>
    <subfield code="3">IT\ICCU\CNCA\028272</subfield>
    <subfield code="z">Borsaro, Arcangelo</subfield>
  </datafield>
  <datafield tag="801" ind1=" " ind2="3">
    <subfield code="a">IT</subfield>
    <subfield code="b">ICCU</subfield>
    <subfield code="c">20201114</subfield>
  </datafield>
  <datafield tag="899" ind1=" " ind2=" ">
    <subfield code="a">Museo Internazionale e Biblioteca della Musica. Bologna</subfield>
    <subfield code="1">BO0310</subfield>
    <subfield code="2">UBO BM</subfield>
  </datafield>
</record>
</collection>
